<record><leader>00000cas a2200000 a 4500</leader><controlfield tag="001">13105366</controlfield><controlfield tag="008">860204d1uuu1970inudn ne      0    0eng d</controlfield><datafield ind1=" " ind2=" " tag="010"><subfield code="a">sn 86063074 </subfield></datafield><datafield ind1=" " ind2=" " tag="040"><subfield code="a">KSH</subfield><subfield code="b">eng</subfield><subfield code="c">KSH</subfield><subfield code="d">NPT</subfield><subfield code="d">NPI</subfield><subfield code="d">OCL</subfield><subfield code="d">OCLCQ</subfield><subfield code="d">P4I</subfield><subfield code="d">OCLCQ</subfield><subfield code="d">OCLCF</subfield><subfield code="d">OCLCO</subfield></datafield><datafield ind1="1" ind2=" " tag="029"><subfield code="a">AU@</subfield><subfield code="b">000022167103</subfield></datafield><datafield ind1=" " ind2=" " tag="042"><subfield code="a">msc</subfield></datafield><datafield ind1="0" ind2=" " tag="130"><subfield code="a">Daily banner (Greencastle, Ind.)</subfield></datafield><datafield ind1="1" ind2="4" tag="245"><subfield code="a">The daily banner.</subfield></datafield><datafield ind1=" " ind2=" " tag="260"><subfield code="a">Greencastle, Ind. :</subfield><subfield code="b">Harry M. Smith,</subfield><subfield code="c">-1970.</subfield></datafield><datafield ind1=" " ind2=" " tag="310"><subfield code="a">Daily (except Sun.)</subfield></datafield><datafield ind1="0" ind2=" " tag="362"><subfield code="a">-v. 78, no. 65 (Jan. 31, 1970).</subfield></datafield><datafield ind1=" " ind2=" " tag="580"><subfield code="a">Issued also in weekly edition called: Greencastle banner.</subfield></datafield><datafield ind1=" " ind2=" " tag="588"><subfield code="a">Description based on: Vol. 7, no. 117 (Mar. 2, 1900).</subfield></datafield><datafield ind1=" " ind2="0" tag="650"><subfield code="a">Periodicals.</subfield></datafield><datafield ind1=" " ind2="7" tag="650"><subfield code="a">Periodicals.</subfield><subfield code="2">fast</subfield><subfield code="0">(OCoLC)fst01058072</subfield></datafield><datafield ind1=" " ind2=" " tag="752"><subfield code="a">United States</subfield><subfield code="b">Indiana</subfield><subfield code="c">Putnam</subfield><subfield code="d">Greencastle.</subfield></datafield><datafield ind1="1" ind2=" " tag="775"><subfield code="t">Greencastle banner (Greencastle, Ind. : 1898)</subfield><subfield code="w">(DLC)sn 86059212</subfield></datafield><datafield ind1="0" ind2="0" tag="780"><subfield code="t">Daily banner times</subfield><subfield code="w">(DLC)sn 86059218</subfield></datafield><datafield ind1="0" ind2="5" tag="780"><subfield code="t">Greencastle herald</subfield><subfield code="w">(DLC)sn 86059222</subfield></datafield><datafield ind1="0" ind2="7" tag="785"><subfield code="t">Putnam County daily graphic</subfield><subfield code="w">(DLC)sn 86059221</subfield></datafield><datafield ind1="0" ind2="7" tag="785"><subfield code="t">Banner graphic</subfield><subfield code="w">(DLC)sn 86059220</subfield></datafield></record>